@article{jedra2024low,
  title={Low-Rank Bandits via Tight Two-to-Infinity Singular Subspace Recovery},
  author={Jedra, Yassir and R{\'e}veillard, William and Stojanovic, Stefan and Proutiere, Alexandre},
  journal={arXiv preprint arXiv:2402.15739},
  year={2024}
}

@article{stojanovic2024model,
  title={Model-free low-rank reinforcement learning via leveraged entry-wise matrix estimation},
  author={Stojanovic, Stefan and Jedra, Yassir and Proutiere, Alexandre},
  journal={arXiv preprint arXiv:2410.23434},
  year={2024}
}

@article{stojanovic2023spectral,
  title={Spectral entry-wise matrix estimation for low-rank reinforcement learning},
  author={Stojanovic, Stefan and Jedra, Yassir and Proutiere, Alexandre},
  journal={Advances in Neural Information Processing Systems},
  volume={36},
  pages={77056--77070},
  year={2023}
}

@article{guo2025deepseek,
  title={DeepSeek-R1: Incentivizing Reasoning Capability in LLMs via Reinforcement Learning},
  author={Guo, Daya and Yang, Dejian and Zhang, Haowei and Song, Junxiao and Zhang, Ruoyu and Xu, Runxin and Zhu, Qihao and Ma, Shirong and Wang, Peiyi and Bi, Xiao and others},
  journal={arXiv preprint arXiv:2501.12948},
  year={2025}
}